@String{JSC = "Journal of Symbolic Computation"}
@String{AAECC = "Applicable Algebra in Engeneering, Communication and Computing"}
@String{AMM = "The American Mathematical Monthly"}

@inproceedings{schneider16,
 author = "Carsten Schneider",
 title = {{Symbolic Summation in Difference Rings and Applications}},
 booktitle = "Proceedings of ISSAC'16",
 pages = "9--12",
 year = "2016"
}

@inproceedings{benoit10,
 author = "Alexandre Benoit and Frederic Chyzak and Alexis Darrasse and Stefan Gerhold and Marc Mezzarobba and Bruno Salvy",
 title = {{The Dynamic Dictionary of Mathematical Functions (DDMF)}},
 booktitle = "Proceedings of ICMS 2010",
 pages = "35--41",
 series = "LNCS",
 volume = "6327",
 year = "2011",
}

@article{nemes97,
 author = "Istv{\'a}n Nemes and Marko Petkov{\v s}ek and Herbert S. Wilf and Doron Zeilberger",
 title = "How to do {M}onthly Problems with your computer",
 journal = AMM,
 volume = "104",
 year = "1997"
}

@inproceedings{chyzak09a,
 author = "Fr{\'e}d{\'e}ric Chyzak and Manuel Kauers and Bruno Salvy",
 title = "A Non-Holonomic Systems Approach to Special Function Identities",
 booktitle = "Proceedings of ISSAC'09",
 editor = "John May",
 year = "2009",
 pages = "111--118"
}

@article{gosper78,
 author = "William Gosper",
 title = "Decision procedure for indefinite hypergeometric summation",
 journal = "Proceedings of the National Academy of Sciences of the United States of America",
 volume = "75",
 pages = "40--42",
 year = "1978"
}

@article{zeilberger91,
 author = "Doron Zeilberger",
 title = "The Method of Creative Telescoping",
 journal = JSC,
 volume = "11",
 pages = "195--204",
 year = "1991"
}

@article{vanDerPoorten79,
 author = "Alfred van der Poorten",
 title = "A Proof that {E}uler Missed\dots{} --- {A}p{\'e}ry's Proof of the Irrationality for $\zeta(3)$",
 journal = "The Mathematical Intelligencer",
 volume = "1",
 pages = "195--203",
 year = "1979"
}

@article{chen09,
 author = "William Y. C. Chen and Lisa H. Sun",
 title = "Extended {Z}eilberger's Algorithm for Identities on {B}ernoulli and {E}uler Polynomials",
 journal = "Journal of Number Theory",
 volume = "129",
 number = "9",
 pages = "2111--2132",
 year = "2009"
}

@inproceedings{chyzak14a,
  author = {Chyzak, Fr{\'e}d{\'e}ric and Mahboubi, Assia and Sibut-Pinote, Thomas and Tassi, Enrico},
  title = {A computer-algebra-based formal proof of the irrationality of $\zeta(3)$},
  booktitle = {Interactive Theorem Proving},
  pages = {160--176},
  year = {2014},
  editor = {Klein, Gerwin and Gamboa, Ruben},
  number = {8558},
  series = {Lecture Notes in Computer Science},
  address = {Vienna, Austria},
  publisher = {Springer},
}

@article{majewicz96,
	Author = {Majewicz, John E.},
	Date-Added = {2008-10-02 11:36:20 +0200},
	Date-Modified = {2009-01-24 23:07:53 +0100},
	Journal = {J. Difference Eqs and Appl.},
	Pages = {55--65},
	Title = {{WZ}-style certification and Sister {C}eline's technique for {A}bel-type identities},
	Volume = {2},
	Year = {1996}
}

@article{zeilberger90,
 author = "Doron Zeilberger",
 title = "A Holonomic Systems Approach To Special Function Identities",
 journal = "Journal of Computational and Applied Mathematics",
 volume = "32",
 pages = "321--368",
 year = "1990"
}

@article{wilf90,
 author = "Herbert S. Wilf and Doron Zeilberger",
 title = "Rational Functions certify combinatorial identities",
 journal = "Journal of the American Mathematical Society",
 volume = "3",
 pages = "147--158",
 year = "1990"
}

@book{petkovsek97,
  author = "Marko Petkov{\v s}ek and Herbert Wilf and Doron Zeilberger",
  title = "$A=B$",
  publisher = "AK Peters, Ltd.",
  year = "1997"
}

@article{wilf92a,
 author = "Herb S. Wilf and Doron Zeilberger",
 title = "An Algorithmic Proof Theory for Hypergeometric (ordinary and $q$) multisum/integral identities",
 journal = "Inventiones mathematicae",
 volume = "108",
 year = "1992",
 pages = "575--633"
}

@phdthesis{chyzak98a,
 author = "Fr{\'e}d{\'e}ric Chyzak",
 title = "Fonctions holonomes en calcul formel",
 school = "INRIA Rocquencourt",
 year = "1998"
}

@article{chyzak00,
 author = "Fr{\'e}d{\'e}ric Chyzak",
 title = "An Extension of {Z}eilberger's Fast Algorithm to General Holonomic Functions",
 journal = "Discrete Mathematics",
 volume = "217",
 pages = "115--134",
 year = "2000"
}

@book{kauers10j,
 author = "Manuel Kauers and Peter Paule",
 title = "The Concrete Tetrahedron",
 publisher = "Springer",
 year = "2011"
}

@article{verbaeten74,
 author = "Pierre Verbaeten",
 title = "The automatic construction of pure recurrence relations",
 journal = "ACM Sigsam Bulletin",
 volume = "8",
 issue = "3",
 year = "1974",
 pags = "96--98"
}

@article{hou15,
 author = "Qing-Hu Hou and Ronghua Wang",
 title = "An algorithm for deciding the summability of bivariate rational functions",
 journal = "Advances in Applied Mathematics",
 volume = "64",
 number = "3",
 pages = "31--49",
 year = "2015"
}

@inproceedings{chen16,
 author = "Shaoshi Chen and Qing-Hu Hou and George Labahn and Rong-Hua Wang",
 title = "Existence Problem of Telescopers: Beyond the Bivariate Case",
 booktitle = "Proceedings of ISSAC'16",
 pages = "167--174",
 year = "2016"
}

@phdthesis{schneider01,
  author = "Carsten Schneider",
  title = "Symbolic Summation in Difference Fields",
  school = "RISC-Linz, Johannes Kepler Universit{\"a}t Linz",
  year = "2001"
}

@article{schneider07,
 author = "Carsten Schneider",
 title = "Simplifying Sums in {$\Pi\Sigma$}-Extensions",
 journal = "Journal of Algebra and Applications",
 volume = "6",
 issue = "3",
 pages = "415--441",
 year = "2007"
}

@article{schneider08,
 author = "Carsten Schneider",
 title = "A refined difference field theory for symbolic summation",
 journal = JSC,
 volume = "43",
 year = "2008",
 pages = "611--644"
}

@inproceedings{schneider13b,
 author = "Carsten Schneider",
 title = "Simplifying Multiple Sums in Difference Fields",
 booktitle = "Computer Algebra in Quantum Field Theory: Integration, Summation and Special Functions",
 editor = "Johannes Bl{\"u}mlein and Carsten Schneider",
 publisher = "Springer",
 series = "Texts and Monographs in Symbolic Computation",
 year = "2013",
 pages = "325--360"
}

@misc{chyzak14,
 author = "Fr{\'e}d{\'e}ric Chyzak",
 title = "The {ABC} of Creative Telescoping: Algorithms, Bounds, Complexity",
 howpublished = "Memoire d'habilitation a diriger les recherches",
 year = "2014"
}

@inproceedings{takayama90,
 author = "Nobuki Takayama",
 title = "An Algorithm of constructing the integral of a module",
 booktitle = "Proceedings of ISSAC'90",
 pages = "206--211",
 year = "1990"
}

@inproceedings{takayama90a,
 author = "Nobuki Takayama",
 title = "Gr{\"o}bner Basis, Integration and Transcendental Functions",
 booktitle = "Proceedings of ISSAC'90",
 pages = "152--156",
 year = "1990"
}

@article{fasenmyer49,
 author = "Sister Mary Celine Fasenmyer",
 title = "A Note on Pure Recurrence Relations",
 journal = AMM,
 volume = "56",
 pages = "14--17",
 year = "1949"
}

@mastersthesis{wegschaider97,
 author = "Kurt Wegschaider",
 title = "Computer Generated Proofs of Binomial Multi-Sum Identities",
 school = "RISC-Linz",
 month = "May",
 year = "1997"
}

@article{chyzak98,
 author = "Fr{\'e}d{\'e}ric Chyzak and Bruno Salvy",
 title = "Non-commutative Elimination in {O}re Algebras Proves Multivariate Identities",
 journal = JSC,
 volume = "26",
 pages = "187--227",
 year = "1998"
}

@article{zeilberger90a,
 author = "Doron Zeilberger",
 title = "A fast Algorithm for Proving Terminating Hypergeometric Identities",
 journal = "Discrete Mathematics",
 volume = "80",
 pages = "207--211",
 year = "1990"
}

@article{almkvist90,
 author = "Gert Almkvist and Doron Zeilberger",
 title = "The Method of Differentiating under the Integral Sign",
 journal = JSC,
 volume = "11",
 number = "6",
 pages = "571--591",
 year = "1990"
}

@inproceedings{chen14a,
 author = "Shaoshi Chen and Manuel Kauers and Christoph Koutschan",
 title = "A Generalized Apagodu-Zeilberger Algorithm",
 year = "2014",
 booktitle = "Proceedings of ISSAC'14",
 pages = "107--114"
}

@article{harrison15,
 author = "John Harrison",
 title = "Formal Proofs of Hypergeometric Sums",
 journal = "Journal of Automated Reasoning",
 volume = "55",
 pages = "223--243",
 year = "2015"
}

@article{mohammed05,
 author = "Mohamud Mohammed and Doron Zeilberger",
 title = "Sharp Upper Bounds for the Orders of the Recurrences Outputted by the {Z}eilberger and q-{Z}eilberger Algorithms",
 journal = jsc,
 volume = "39",
 number = "2",
 pages = "201--207",
 year = "2005"
}

@article{apagodu06,
 author = "Moa Apagodu and Doron Zeilberger",
 title = "Multi-variable {Z}eilberger and {A}lmkvist-{Z}eilberger algorithms and the sharpening of {W}ilf-{Z}eilberger theory",
 journal = "Advances in Applied Mathematics",
 volume = "37",
 number = "2",
 pages = "139--152",
 year = "2006"
}

@inproceedings{chen12c,
 author = "Shaoshi Chen and Manuel Kauers",
 title = "Order-Degree Curves for Hypergeometric Creative Telescoping",
 booktitle = "Proceedings of ISSAC'12",
 pages = "122--129",
 year = "2012"
}

@article{chen12b,
 author = "Shaoshi Chen and Manuel Kauers",
 title = "Trading Order for Degree in Creative Telescoping",
 journal = JSC,
 volume = "47",
 number = "8",
 pages = "968--995",
 year = "2012"
}

@article{chen12d,
 author = "Shaoshi Chen and Michael F. Singer",
 title = "Residues and telescopers for bivariate rational functions",
 journal = "Advances in Applied Mathematics",
 volume = "49",
 number = "2",
 pages = "111--133",
 year = "2012"
}

@article{chen14b,
 author = "Shaoshi Chen and Michael F. Singer",
 title = "On the summability of bivariate rational functions",
 journal = "Journal of Algebra",
 volume = "409",
 pages = "320--343",
 year = "2014"
}

@article{kauers07n,
 author = "Manuel Kauers",
 title = "Summation Algorithms for {S}tirling Number Identities",
 journal = JSC,
 volume = "42",
 number = "11",
 pages = "948--970",
 year = "2007"
}

@techreport{bostan15,
 author = "Alin Bostan and Pierre Lairez and Bruno Salvy",
 title = "Multiple Binomial Sums",
 institution = "ArXiv",
 number = "1510.07487",
 year = "2015"
}

@inproceedings{christol88,
 author = "Gilles Christol",
 title = "Globally bounded solutions of differential equations",
 booktitle = "Analytic number theory",
 series = "Lecture Notes in Mathematics",
 volume = "1434",
 year = "1990",
 pages = "45--64"
}

@inproceedings{bostan10b,
 author = "Alin Bostan and Shaoshi Chen and Fr{\'e}d{\'e}ric Chyzak and Ziming Li",
 title = "Complexity of Creative Telescoping for Bivariate Rational Functions",
 booktitle = "Proceedings of ISSAC'10",
 year = "2010",
 pages = "203--210"
}

@inproceedings{bostan13a,
 author = "Alin Bostan and Shaoshi Chen and Fr{\'e}d{\'e}ric Chyzak and Ziming Li and Guoce Xin",
 title = "Hermite Reduction and Creative Telescoping for Hyperexponential Functions",
 booktitle = "Proceedings of ISSAC'13",
 year = "2013",
 pages = "77--84"
}

@inproceedings{chen15a,
 author = "Shaoshi Chen and Hui Huang and Manuel Kauers and Ziming Li",
 title = "A Modified {A}bramov-{P}etkovsek Reduction and Creative Telescoping for Hypergeometric Terms",
 booktitle = "Proceedings of ISSAC'15",
 year = "2015",
 pages = "117--124"
}

@inproceedings{chen16a,
 author = "Shaoshi Chen and Manuel Kauers and Christoph Koutschan",
 title = "Reduction-Based Creative Telescoping for Algebraic Functions",
 booktitle = "Proceedings of ISSAC'16",
 year = "2016",
 pages = "175--182"
}

@inproceedings{huang16,
 author = "Hui Huang",
 title = "New Bounds for Creative Telescoping",
 booktitle = "Proceedings of ISSAC'16",
 year = "2016",
 pages = "279--286"
}

@inproceedings{bostan16,
 author = "Alin Bostan and Louis Dumont and Bruno Salvy",
 title = "Efficient Algorithms for Mixed Creative Telescoping",
 booktitle = "Proceedings of ISSAC'16",
 year = "2016",
 pages = "127--134"
}

@misc{li16,
 author = "Hao Du and Hui Huang and Ziming Li",
 title = "Reduction-based creative telescoping for $q$-hypergeometric terms",
 howpublished = "in preparation"
}

@misc{bronstein98,
 author = "Manuel Bronstein",
 title = "Symbolic Integration Tutorial",
 howpublished = "ISSAC'98",
 year = "1998"
}

@phdthesis{trager84,
 author = "Barry M. Trager",
 title = "On the Integration of Algebraic Functions",
 school = "MIT",
 year = "1984"
}

@book{chevalley51,
 author = "Charles Chevalley",
 title = "Introduction to the Theory of Algebraic Functions of One Variable",
 publisher = "AMS",
 year = "1951",
}

@article{kauers14d,
 author = "Manuel Kauers and Lily Yen",
 title = "On the length of integers in telescopers for proper hypergeometric terms",
 journal = JSC,
 volume = "66",
 number = "1--2",
 pages = "21--33",
 year = "2015",
}

@inproceedings{jaroschek13a,
 author = "Maximilian Jaroschek and Manuel Kauers and Shaoshi Chen and Michael F. Singer",
 title = "Desingularization Explains Order-Degree Curves for {Ore} Operators",
 booktitle = "Proceedings of ISSAC'13",
 year = "2013",
 editor = "Manuel Kauers",
 pages = "157--164"
}

@article{chen15b,
 author = "Shaoshi Chen and Manuel Kauers and Michael F. Singer",
 title = "Desingularization of {O}re Operators",
 journal = JSC,
 year = "2016",
 volume = "74",
 number = "5/6",
 pages = "617--626"
}

@article{abramov06a,
 author = "Sergei A. Abramov and Moulay A. Barkatou and Mark van Hoeij",
 title = "Apparent Singularities of Linear Difference Equations with Polynomial Coefficients",
 journal = AAECC,
 volume = "17",
 number = "2",
 pages = "117--133",
 year = "2006"
}

@inproceedings{abramov99b,
 author = "Sergei A. Abramov and Mark van Hoeij",
 title = "Desingularization of linear difference operators with polynomial coefficients",
 booktitle = "Proceedings of ISSAC'99",
 pages = "269--275",
 year = "1999"
}

@article{risch69,
 author = "Robert H. Risch",
 title = "The Problem of Integration in Finite Terms",
 journal = "Transactions of the American Mathematical Society",
 volume = "139",
 pages = "167--189",
 year = "1969"
}

@article{risch70,
 author = "Robert H. Risch",
 title = "The Solution of the Problem of Integration in Finite Terms",
 journal = "Bulletin of the American Mathematical Society",
 volume = "79",
 pages = "605--608",
 year = "1970"
}

@book{bronstein97,
  author = "Manuel Bronstein",
  title = "Symbolic Integration~I",
  series = "Algorithms and Computation in Mathematics",
  volume = "1",
  publisher = "Springer",
  edition = "2nd",
  year = "2005"
}

@article{karr81,
  author = "Michael Karr",
  title = "Summation in Finite Terms",
  journal = "Journal of the ACM",
  volume = "28",
  pages = "305--350",
  year = "1981"
}

@article{karr85,
  author = "Michael Karr",
  title = "Theory of Summation in Finite Terms",
  journal = JSC,
  volume = "1",
  number = "3",
  pages = "303--315",
  year = "1985"
}

@article{abramov02,
 author = "Sergei A. Abramov and Ha Q. Le",
 title = "A criterion for the applicability of {Z}eilberger's algorithm to a rational function",
 journal = "Discrete Mathematics",
 volume = "259",
 number = "1--3",
 pages = "1--17",
 year = "2002"
}

@inproceedings{abramov05,
 author = "Sergei A. Abramov and Marko Petkovsek",
 title = "Gosper's Algorithm, Accurate Summation, and the Discrete {N}ewton-{L}eibniz Formula",
 booktitle = "Proceedings of ISSAC'05",
 year = "2005",
 pages = "5--12"
}

@article{ryabenko11,
 author = "Anna A. Ryabenko",
 title = "A Definite Summation of Hypergeometric Terms of Special Kind",
 journal = "Programming and Computer Software",
 volume = "37",
 number = "4",
 pages = "187--191",
 year = "2011"
}

@article{abramov05a,
 author = "Sergei A. Abramov and Ha Q. Le",
 title = "On the order of the recurrence produced by the method of creative telescoping",
 journal = "Discrete Mathematics",
 volume = "298",
 number = "1--3",
 pages = "2--17",
 year = "2005"
}

@inproceedings{abramov02a,
 author = "Sergei A. Abramov",
 title = "Applicability of {Z}eilberger's algorithm to hypergeometric terms",
 booktitle = "Proceedings of ISSAC'02",
 pages = "1--7",
 year = "2002"
}

@article{abramov03,
 author = "Sergei A. Abramov",
 title = "When does {Z}eilberger's algorithm succeed?",
 journal = "Advances in Applied Mathematics",
 volume = "30",
 number = "3",
 pages = "424--441",
 year = "2003"
}

@phdthesis{raab12,
 author = "Clemens Raab",
 title = "Definite Integration in Differential Fields",
 school = "Johannes Kepler University",
 year = "2012"
}

@inproceedings{schneider05a,
 author = "Carsten Schneider",
 title = "Finding Telescopers with Minimal Depth for Indefinite Nested Sum and Product Expressions",
 booktitle = "Proceedings of ISSAC'05",
 place = "Beijing, China",
 pages = "285--292",
 month = "July",
 year = "2005"
}

@article{koutschan10a,
 author = "Christoph Koutschan and Manuel Kauers and Doron Zeilberger",
 title = "Proof of {G}eorge {A}ndrews' and {D}avid {R}obbins' $q$-{TSPP}-Conjecture",
 journal = "Proceedings of the National Academy of Sciences",
 volume = "108",
 number = "6",
 pages = "2196--2199",
 year = "2011"
}

@article{koutschan10b,
 author = "Christoph Koutschan",
 title = "A Fast Approach to Creative Telescoping",
 journal = "Mathematics in Computer Science",
 volume = "4",
 number = "2--3",
 pages = "259--266",
 year = "2010"
}

@techreport{koutschan10c,
    author = {Christoph Koutschan},
    title = {{HolonomicFunctions (User's Guide)}},
    language = {english},
    abstract = {This manual describes the functionality of the Mathematica package HolonomicFunctions. It is a very powerful tool for the work with special functions, it can assist in solving summation and integration problems, it can automatically prove special function identities, and much more.},
    number = {10-01},
    year = {2010},
    month = {January},
    length = {92},
    url = {http://www.risc.uni-linz.ac.at/research/combinat/software/HolonomicFunctions/},
    institution = {RISC Report Series, University of Linz, Austria}
}

@article{kauers11b,
 author = "Manuel Kauers and Doron Zeilberger",
 title = "The Computational Challenge of Enumerating High Dimensional Rook Walks",
 journal = "Advances in Applied Mathematics",
 volume = "47",
 number = "4",
 pages = "813--819",
 year = "2011"
}

@article{lipshitz88,
 author = "L. Lipshitz",
 title = "The Diagonal of a {D}-Finite Power Series is {D}-Finite",
 journal = "Journal of Algebra",
 volume = "113",
 pages = "373--378",
 year = "1988"
}

@article{bostan11,
 author = "Alin Bostan and Fr{\'e}d{\'e}ric Chyzak and Mark van Hoeij and Lucien Pech",
 title = "Explicit Formula for the Generating Series of Diagonal 3D Rook Paths",
 journal = "Seminaire Lotharingien Combinatoire",
 volume = "66",
 number = "B66a",
 year = "2011"
}

@article{beck03,
 author = "Matthias Beck and Dennis Pixton",
 title = "The {E}hrhart polynomial of the {B}irkhoff polytope",
 journal = "Discrete Computational Geometry",
 volume = "30",
 year = 2003,
 pages = "623--637",
}

@book{beck07,
 author = "Matthias Beck and Sinai Robins",
 title = "Computing the Continuous Discretely: Integer-Point Enumeration in Polyhedra",
 publisher = "Springer",
 year = "2007"
}

@article{petkovsek92,
 author = "Marko Petkov{\v s}ek",
 title = "Hypergeometric solutions of linear recurrences with polynomial coefficients",
 journal = JSC,
 volume = "14",
 number = "2--3",
 pages = "243--264",
 year = "1992"
}

@inproceedings{abramov94,
 author = "Sergei A. Abramov and Marko Petkovsek",
 title = "D'Alembertian solutions of linear differential and difference equations",
 booktitle = "Proceedings of ISSAC'94",
 year = "2004",
 pages = "169--174"
}

@article{hendriks98,
 author = "Peter A. Hendriks and Michael F. Singer",
 title = "Solving Difference Equations in Finite Terms",
 journal = JSC,
 volume = "27",
 number = "3",
 pages = "239--259",
 year = "1999"
}

@book{put97,
 author = "Marius van der Put and Michael Singer",
 title = "{G}alois Theory of Difference Equations",
 series = "Lecture Notes in Mathematics",
 volume = "1666",
 publisher = "Springer",
 year = "1997"
}

@book{picard06,
 author = "Emile Picard and Georges Simart",
 title = "Theorie des fonctions algebriques de deux variables independantes",
 publisher = "Gauthier-Villars",
 year = "1906"
}

@article{picard33,
 author = "Emile Picard",
 title = "Sur les periodes des integrales doubles et sur une classe d'equations differentielles lineaires",
 journal = "Annales scientifiques de l'E.N.S.",
 volume = "50",
 pages = "393--395",
 year = "1933"
}

@article{dwork62,
 author = "Bernhard Dwork",
 title = "On the zeta function of a hypersurface",
 journal = "Publications Mathematiques de l'IHES",
 volume = "12",
 pages = "5--68",
 year = "1962"
}

@article{dwork64,
 author = "Bernhard Dwork",
 title = "On the zeta function of a hypersurface {II}",
 journal = "Annals of Mathematics",
 volume = "80",
 number = "2",
 pages = "227--299",
 year = "1964"
}

@article{griffiths69,
 author = "Philip A. Griffiths",
 title = "On the periods of certain rational integrals {I}",
 journal = "Annals of Mathematics",
 volume = "90",
 number = "3",
 pages = "460--495",
 year = "1969"
}

@article{griffiths69a,
 author = "Philip A. Griffiths",
 title = "On the periods of certain rational integrals {II}",
 journal = "Annals of Mathematics",
 volume = "90",
 number = "3",
 pages = "496--541",
 year = "1969"
}

@inproceedings{hoeij10,
 author = {van Hoeij, Mark and Yuan, Quan},
 title = {Finding All {B}essel Type Solutions for Linear Differential Equations with Rational Function Coefficients},
 booktitle = {Proceedings of ISSAC'10},
 year = {2010},
 pages = {37--44},
}

@inproceedings{imamoglu15,
 author = {Imamoglu, Erdal and van Hoeij, Mark},
 title = {Computing Hypergeometric Solutions of Second Order Linear Differential Equations Using Quotients of Formal Solutions},
 booktitle = {Proceedings ISSAC'15},
 year = {2015},
 pages = {235--242},
}

@inproceedings{kunwar13,
 author = {Kunwar, Vijay Jung and van Hoeij, Mark},
 title = {Second Order Differential Equations with Hypergeometric Solutions of Degree Three},
 booktitle = {Proceedings of ISSAC'13},
 year = {2013},
 pages = {235--242},
}

@inproceedings{cha10,
    author = {Yongjae Cha and Mark van Hoeij and Giles Levy},
    title = {{Solving recurrence relations using local invariants}},
    booktitle = {{Proceedings ISSAC'10}},
    pages = {303--309},
    year = {2010},
}

@phdthesis{cha10a,
    author = {Yongjae Cha},
    title = {{Closed Form Solutions of Linear Difference Equations}},
    year = {2010},
    school = {Florida State University},
}

@inproceedings{bostan13b,
  author = "Alin Bostan and Pierre Lairez and Bruno Salvy",
  title = "Creative Telescoping for rational functions using the {G}riffiths-{D}work method",
  booktitle = "Proceedings of ISSAC'13",
  pages = "93--100",
  year = "2013"
}

@inproceedings{rosenkranz08,
  author = "Markus Rosenkranz and Georg Regensburger",
  title = "Integro-differential polynomials and operators",
  booktitle = "Proceedings of ISSAC'08",
  pages = "261--268",
  year = "2008"
}

@article{WuGao2007,
  title={Mathematics mechanization and applications after thirty years},
  author={Wu, Wenjun and Gao, Xiaoshan},
  journal={Frontiers in Computer Science},
  volume={1},
  number={1},
  pages={1-8},
  year={2007},
}

@article{Gao2001Mathematics,
  title={Mathematics Mechanization: A Survey},
  author={Gao, Xiaoshan},
  journal={Advances in Mathematics},
  volume={30},
  number={5},
  pages={385-404},
  year={2001},
}

@inproceedings{regensburger09,
  author = "Georg Regensburger and Markus Rosenkranz and Johannes Middeke",
  title = "A Skew Polynomial Approach to Integro-Differential Operators",
  booktitle = "Proceedings of ISSAC'09",
  pages = "287--294",
  year = "2009"
}

@article{rosenkranz08a,
  author = "Markus Rosenkranz and Georg Regensburger",
  title = "Solving and factoring boundary problems for linear ordinary differential equations in differential algebras",
  journal = JSC,
  volume = 43,
  number = 8,
  pages = "515--544",
  year = "2008"
}

@inproceedings{regensburger16,
  author = "Georg Regensburger",
  title = "Symbolic Computation with Integro-Differential Operators",
  booktitle = "Proceedings of ISSAC'16",
  year = "2016",
  pages = "17--18"
}

@article{guo14,
  author = "Li Guo and Georg Regensburger and Markus Rosenkranz",
  title = "On integro-differential algebras",
  journal = "Journal of Pure and Applied Algebra",
  volume = "218",
  pages = "456--473",
  year = "2014"
}

@article {gao2013,
    AUTHOR = {Gao, Xiao-Shan and Li, Wei and Yuan, Chun-Ming},
     TITLE = {Intersection theory in differential algebraic geometry:
              generic intersections and the differential {C}how form},
   JOURNAL = {Trans. Amer. Math. Soc.},
  FJOURNAL = {Transactions of the American Mathematical Society},
    VOLUME = {365},
      YEAR = {2013},
    NUMBER = {9},
     PAGES = {4575--4632},
      ISSN = {0002-9947},
   MRCLASS = {14C05 (12H05 13N15 14C17 14Q99)},
  MRNUMBER = {3066766},
MRREVIEWER = {Alexander B. Levin},
       DOI = {10.1090/S0002-9947-2013-05633-4},
       URL = {http://dx.doi.org.proxy.lib.uwaterloo.ca/10.1090/S0002-9947-2013-05633-4},
}

@article{chen03,
 author = "Yufu Chen and Xiao-Shan Gao",
 title = "Involutive Characteristic Sets of Algebraic Partial Differential Equation Systems",
 journal = "Science in China (A)",
 volume = "46",
 number = "4",
 pages = "469--487",
 year = "2003"
}

@phdthesis{mansfield93,
 author = "Elisabeth Mansfield",
 title = "Differential {Gr\"obner} bases",
 school = "University of Sydney",
 year = "1993"
}

@article{gerdt97,
 author = "Vladimir P. Gerdt",
 title = "Gr{\"o}bner bases and involutive methods of algebraic and differential equations",
 journal = "Math. Comput. Modeling",
 volume = "25",
 number = "8/9",
 pages = "75--90",
 year = "1997"
}

@article{hubert00,
 author = "Evelyne Hubert",
 title = "Factorization-free Decomposition Algorithms in Differential Algebra",
 journal = JSC,
 volume = "29",
 number = "4--5",
 year = "2000",
 pages = "641--662"
}

@inproceedings{bernardi16,
 author = "Olivier Bernardi and Mireille Bousquet-Melou and Kilian Raschel",
 title = "Counting quadrant walks via {T}utte's invariant method",
 booktitle = "Proceedings of FPSAC'16",
 note = "to appear",
 year = "2016"
}
